@article{keg,
  title   = {Plumbing and computation of crosscap number},
  author  = {Noboru Ito and Kaito Yamada},
  journal = {JP Journal of Geometry and Topology},
  month   = {11},
  number  = {2},
  pages   = {103--115},
  doi     = {10.17654/gt026020103},
  volume  = {26},
  year    = {2021}
}

@article{ck3,
  title     = {Crosscap number three alternating knots},
  author    = {Noboru Ito and Yusuke Takimura},
  journal   = {J. Knot Theory Ramifications},
  month     = {6},
  number    = {4},
  pages     = {2250026-1--2250026-11},
  publisher = {J. Knot Theory Ramifications},
  doi       = {10.1142/S0218216522500262},
  volume    = {31},
  year      = {2022}
}