@article{keg,
  title   = {Plumbing and computation of crosscap number},
  author  = {Noboru Ito and Kaito Yamada},
  journal = {JP Journal of Geometry and Topology},
  month   = {11},
  number  = {2},
  pages   = {103--115},
  doi     = {10.17654/gt026020103},
  volume  = {26},
  year    = {2021}
}

@article{ck3,
  title     = {Crosscap number three alternating knots},
  author    = {Noboru Ito and Yusuke Takimura},
  journal   = {J. Knot Theory Ramifications},
  month     = {6},
  number    = {4},
  pages     = {2250026-1--2250026-11},
  publisher = {J. Knot Theory Ramifications},
  doi       = {10.1142/S0218216522500262},
  volume    = {31},
  year      = {2022}
}

@article{MR478131,
  author     = {Clark, Bradd Evans},
  title      = {Crosscaps and knots},
  journal    = {Internat. J. Math. Math. Sci.},
  fjournal   = {International Journal of Mathematics and Mathematical
                Sciences},
  volume     = {1},
  year       = {1978},
  number     = {1},
  pages      = {113--123},
  issn       = {0161-1712},
  mrclass    = {55A25},
  mrnumber   = {478131},
  mrreviewer = {R. J. Daverman},
  doi        = {10.1155/S0161171278000149},
  url        = {https://doi.org/10.1155/S0161171278000149}
}